@misc{OpenEnergyMonitor,
  author = {OpenEnergyMonitor},
  title = {Learn: Electricity Monitoring},
  howpublished = {\url{https://docs.openenergymonitor.org/electricity-monitoring/index.html#learn-electricity-monitoring}},
  note = {Accessed: 2024-04-30}
}
@online{techtarget_lcd,
  author    = {TechTarget},
  title     = {LCD (liquid crystal display)},
  year      = {2024},
  url       = {https://www.techtarget.com/whatis/definition/LCD-liquid-crystal-display},
  note      = {Accessed: 2024-11-15}
}
@misc{OpenEnergyMonitor_Voltage,
  author = {OpenEnergyMonitor},
  title = {Measuring Voltage with an AC-AC Power Adapter},
  url = {https://docs.openenergymonitor.org/electricity-monitoring/voltage-sensing/measuring-voltage-with-an-acac-power-adapter.html},
  note = {Accessed: 2024-11-15}
}
@misc{OpenEnergyMonitor_Arduino,
  author = {OpenEnergyMonitor},
  title = {How to Build an Arduino Energy Monitor},
  url = {https://docs.openenergymonitor.org/electricity-monitoring/ctac/how-to-build-an-arduino-energy-monitor.html},
  note = {Accessed: 2024-11-15}
}
@misc{OpenEnergyMonitor_Calibration,
  author = {OpenEnergyMonitor},
  title = {EmonLib Calibration Theory},
  url = {https://docs.openenergymonitor.org/electricity-monitoring/ctac/emonlib-calibration-theory.html},
  note = {Accessed: 2024-11-15}
}
