@misc{OpenEnergyMonitor,
  author = {OpenEnergyMonitor},
  title = {Learn: Electricity Moniroting},
  howpublished = {\url{https://docs.openenergymonitor.org/electricity-monitoring/index.html#learn-electricity-monitoring}},
  note = {Accessed: 2024-04-30}
}

